@inproceedings{DBLP:conf/podc/Jayanti98a,
  author    = {Prasad Jayanti},
  editor    = {Brian A. Coan and
               Yehuda Afek},
  title     = {A Time Complexity Lower Bound for Randomized Implementations of Some
               Shared Objects},
  booktitle = {Proceedings of the Seventeenth Annual {ACM} Symposium on Principles
               of Distributed Computing, {PODC} '98, Puerto Vallarta, Mexico, June
               28 - July 2, 1998},
  pages     = {201--210},
  publisher = {{ACM}},
  year      = {1998},
  url       = {https://doi.org/10.1145/277697.277735},
  doi       = {10.1145/277697.277735},
  timestamp = {Tue, 06 Nov 2018 11:07:19 +0100},
  biburl    = {https://dblp.org/rec/conf/podc/Jayanti98a.bib},
  bibsource = {dblp computer science bibliography, https://dblp.org}
}

@inproceedings{DBLP:conf/podc/ChandraJT98,
  author    = {Tushar Deepak Chandra and
               Prasad Jayanti and
               King Tan},
  editor    = {Brian A. Coan and
               Yehuda Afek},
  title     = {A Polylog Time Wait-Free Construction for Closed Objects},
  booktitle = {Proceedings of the Seventeenth Annual {ACM} Symposium on Principles
               of Distributed Computing, {PODC} '98, Puerto Vallarta, Mexico, June
               28 - July 2, 1998},
  pages     = {287--296},
  publisher = {{ACM}},
  year      = {1998},
  url       = {https://doi.org/10.1145/277697.277753},
  doi       = {10.1145/277697.277753},
  timestamp = {Tue, 06 Nov 2018 11:07:19 +0100},
  biburl    = {https://dblp.org/rec/conf/podc/ChandraJT98.bib},
  bibsource = {dblp computer science bibliography, https://dblp.org}
}

@inproceedings{DBLP:conf/podc/MichaelS96,
  author    = {Maged M. Michael and
               Michael L. Scott},
  editor    = {James E. Burns and
               Yoram Moses},
  title     = {Simple, Fast, and Practical Non-Blocking and Blocking Concurrent Queue
               Algorithms},
  booktitle = {Proceedings of the Fifteenth Annual {ACM} Symposium on Principles
               of Distributed Computing, Philadelphia, Pennsylvania, USA, May 23-26,
               1996},
  pages     = {267--275},
  publisher = {{ACM}},
  year      = {1996},
  url       = {https://doi.org/10.1145/248052.248106},
  doi       = {10.1145/248052.248106},
  timestamp = {Wed, 14 Nov 2018 10:51:56 +0100},
  biburl    = {https://dblp.org/rec/conf/podc/MichaelS96.bib},
  bibsource = {dblp computer science bibliography, https://dblp.org}
}

@article{DBLP:journals/dc/Ladan-MozesS08,
  author    = {Edya Ladan{-}Mozes and
               Nir Shavit},
  title     = {An optimistic approach to lock-free {FIFO} queues},
  journal   = {Distributed Comput.},
  volume    = {20},
  number    = {5},
  pages     = {323--341},
  year      = {2008},
  url       = {https://doi.org/10.1007/s00446-007-0050-0},
  doi       = {10.1007/s00446-007-0050-0},
  timestamp = {Fri, 13 Mar 2020 14:37:26 +0100},
  biburl    = {https://dblp.org/rec/journals/dc/Ladan-MozesS08.bib},
  bibsource = {dblp computer science bibliography, https://dblp.org}
}

@inproceedings{DBLP:conf/spaa/MoirNSS05,
  author    = {Mark Moir and
               Daniel Nussbaum and
               Ori Shalev and
               Nir Shavit},
  editor    = {Phillip B. Gibbons and
               Paul G. Spirakis},
  title     = {Using elimination to implement scalable and lock-free {FIFO} queues},
  booktitle = {{SPAA} 2005: Proceedings of the 17th Annual {ACM} Symposium on Parallelism
               in Algorithms and Architectures, July 18-20, 2005, Las Vegas, Nevada,
               {USA}},
  pages     = {253--262},
  publisher = {{ACM}},
  year      = {2005},
  url       = {https://doi.org/10.1145/1073970.1074013},
  doi       = {10.1145/1073970.1074013},
  timestamp = {Wed, 21 Nov 2018 11:12:26 +0100},
  biburl    = {https://dblp.org/rec/conf/spaa/MoirNSS05.bib},
  bibsource = {dblp computer science bibliography, https://dblp.org}
}

@inproceedings{DBLP:conf/opodis/HoffmanSS07,
  author    = {Moshe Hoffman and
               Ori Shalev and
               Nir Shavit},
  editor    = {Eduardo Tovar and
               Philippas Tsigas and
               Hac{\`{e}}ne Fouchal},
  title     = {The Baskets Queue},
  booktitle = {Principles of Distributed Systems, 11th International Conference,
               {OPODIS} 2007, Guadeloupe, French West Indies, December 17-20, 2007.
               Proceedings},
  series    = {Lecture Notes in Computer Science},
  volume    = {4878},
  pages     = {401--414},
  publisher = {Springer},
  year      = {2007},
  url       = {https://doi.org/10.1007/978-3-540-77096-1\_29},
  doi       = {10.1007/978-3-540-77096-1\_29},
  timestamp = {Tue, 14 May 2019 10:00:52 +0200},
  biburl    = {https://dblp.org/rec/conf/opodis/HoffmanSS07.bib},
  bibsource = {dblp computer science bibliography, https://dblp.org}
}

@inproceedings{DBLP:conf/spaa/MilmanKLLP18,
  author    = {Gal Milman and
               Alex Kogan and
               Yossi Lev and
               Victor Luchangco and
               Erez Petrank},
  editor    = {Christian Scheideler and
               Jeremy T. Fineman},
  title     = {{BQ:} {A} Lock-Free Queue with Batching},
  booktitle = {Proceedings of the 30th on Symposium on Parallelism in Algorithms
               and Architectures, {SPAA} 2018, Vienna, Austria, July 16-18, 2018},
  pages     = {99--109},
  publisher = {{ACM}},
  year      = {2018},
  url       = {https://doi.org/10.1145/3210377.3210388},
  doi       = {10.1145/3210377.3210388},
  timestamp = {Wed, 21 Nov 2018 12:44:27 +0100},
  biburl    = {https://dblp.org/rec/conf/spaa/MilmanKLLP18.bib},
  bibsource = {dblp computer science bibliography, https://dblp.org}
}

@inproceedings{DBLP:conf/opodis/GidenstamST10,
  author    = {Anders Gidenstam and
               H{\aa}kan Sundell and
               Philippas Tsigas},
  editor    = {Chenyang Lu and
               Toshimitsu Masuzawa and
               Mohamed Mosbah},
  title     = {Cache-Aware Lock-Free Queues for Multiple Producers/Consumers and
               Weak Memory Consistency},
  booktitle = {Principles of Distributed Systems - 14th International Conference,
               {OPODIS} 2010, Tozeur, Tunisia, December 14-17, 2010. Proceedings},
  series    = {Lecture Notes in Computer Science},
  volume    = {6490},
  pages     = {302--317},
  publisher = {Springer},
  year      = {2010},
  url       = {https://doi.org/10.1007/978-3-642-17653-1\_23},
  doi       = {10.1007/978-3-642-17653-1\_23},
  timestamp = {Tue, 05 Nov 2019 12:22:56 +0100},
  biburl    = {https://dblp.org/rec/conf/opodis/GidenstamST10.bib},
  bibsource = {dblp computer science bibliography, https://dblp.org}
}

@inproceedings{DBLP:conf/ppopp/KoganP11,
  author    = {Alex Kogan and
               Erez Petrank},
  editor    = {Calin Cascaval and
               Pen{-}Chung Yew},
  title     = {Wait-free queues with multiple enqueuers and dequeuers},
  booktitle = {Proceedings of the 16th {ACM} {SIGPLAN} Symposium on Principles and
               Practice of Parallel Programming, {PPOPP} 2011, San Antonio, TX, USA,
               February 12-16, 2011},
  pages     = {223--234},
  publisher = {{ACM}},
  year      = {2011},
  url       = {https://doi.org/10.1145/1941553.1941585},
  doi       = {10.1145/1941553.1941585},
  timestamp = {Wed, 14 Nov 2018 10:55:57 +0100},
  biburl    = {https://dblp.org/rec/conf/ppopp/KoganP11.bib},
  bibsource = {dblp computer science bibliography, https://dblp.org}
}

@inproceedings{DBLP:conf/fsttcs/JayantiP05,
  author    = {Prasad Jayanti and
               Srdjan Petrovic},
  editor    = {Ramaswamy Ramanujam and
               Sandeep Sen},
  title     = {Logarithmic-Time Single Deleter, Multiple Inserter Wait-Free Queues
               and Stacks},
  booktitle = {{FSTTCS} 2005: Foundations of Software Technology and Theoretical
               Computer Science, 25th International Conference, Hyderabad, India,
               December 15-18, 2005, Proceedings},
  series    = {Lecture Notes in Computer Science},
  volume    = {3821},
  pages     = {408--419},
  publisher = {Springer},
  year      = {2005},
  url       = {https://doi.org/10.1007/11590156\_33},
  doi       = {10.1007/11590156\_33},
  timestamp = {Tue, 14 May 2019 10:00:51 +0200},
  biburl    = {https://dblp.org/rec/conf/fsttcs/JayantiP05.bib},
  bibsource = {dblp computer science bibliography, https://dblp.org}
}
