@inproceedings{JayantiP05,
  author    = {Prasad Jayanti and
               Srdjan Petrovic},
  editor    = {Ramaswamy Ramanujam and
               Sandeep Sen},
  title     = {Logarithmic-Time Single Deleter, Multiple Inserter Wait-Free Queues
               and Stacks},
  booktitle = {{FSTTCS} 2005: Foundations of Software Technology and Theoretical
               Computer Science, 25th International Conference, Hyderabad, India,
               December 15-18, 2005, Proceedings},
  series    = {Lecture Notes in Computer Science},
  volume    = {3821},
  pages     = {408--419},
  publisher = {Springer},
  year      = {2005},
  url       = {https://doi.org/10.1007/11590156\_33},
  doi       = {10.1007/11590156\_33},
  timestamp = {Tue, 14 May 2019 10:00:51 +0200},
  biburl    = {https://dblp.org/rec/conf/fsttcs/JayantiP05.bib},
  bibsource = {dblp computer science bibliography, https://dblp.org}
}